@book{alanoppenheim2009,
 Author = {Alan V. Oppenheim},
 title = {Discrete-Time Signal Processing (3rd Edition) (Prentice-Hall Signal Processing Series)},
 description = {Discrete-Time Signal Processing (3rd Edition) (Prentice-Hall Signal Processing Series) (Book, 2009)},
 publisher = {Pearson},
 interhash = {cf6dff5680e9ecbe6b1e0f6a3f40d69a},
 intrahash = {fdf1a77b65e82b16d42b17a33354f4ed},
 year = {2009},
 month = {aug},
 isbn = {0131988425},
}

@book{MRashid,
	Author = {Muhammad H. Rashid},
	Title = {Power Electronics: Circuits, Devices \& Applications (4th Edition)},
	Publisher = {Pearson},
	Year = {2013},
	ISBN = {0133125904},
}

@ARTICLE{1510826,
	author={M. {Liserre} and F. {Blaabjerg} and S. {Hansen}},
	journal={IEEE Transactions on Industry Applications},
	title={Design and control of an LCL-filter-based three-phase active rectifier},
	year={2005},
	volume={41},
	number={5},
	pages={1281-1291},
	keywords={rectifying circuits;switching convertors;dynamic response;power conversion harmonics;cascade control;stability;power harmonic filters;LCL filter control;three-phase active rectifier;switching frequency ripple;front-end rectifier;dynamic response;stability margin;rectifier controller;grid current harmonic;cascade control;voltage-source converter;VSC;Rectifiers;Power harmonic filters;Inductors;Electromagnetic interference;Switching frequency;Pulse width modulation;Converters;Power conversion;Stability;Voltage control;Cascade control;LCL filter;rectifier;stability;voltage-source converter (VSC)},
	doi={10.1109/TIA.2005.853373},
	ISSN={0093-9994},
	month={Sep.},}

@phdthesis{TeseProfAlex,
	author = {Alex Reis},
	title = {Uma Contribuição para o Controle Operativo de Unidades Eólicas: Modelagem, Regulação de Tensão e Minimização das Distorções Harmônicas},
	school = {Universidade Federal de Uberlândia},
	year = {2015},
	Address = {Uberlândia, Brasil}
}

@Book{astrom2006advanced,
	author = {Karl Johan Åström and Tore Hägglund},
	title = {Advanced PID control},
	publisher = {ISA-The Instrumentation, Systems, and Automation Society},
	year = {2006},
	address = {Research Triangle Park, NC},
	isbn = {1556179421}
}

@article{Meral2018,
	doi = {10.15598/aeee.v16i1.2485},
	url = {https://doi.org/10.15598/aeee.v16i1.2485},
	year = {2018},
	month = apr,
	publisher = {{VSB} Technical University of Ostrava,  Faculty of Electrical Engineering and Computer Sciences},
	volume = {16},
	number = {1},
	author = {Mehmet Emin Meral and Dogan Celik},
	title = {{DSOGI}-{PLL} Based Power Control Method to Mitigate Control Errors Under Disturbances of Grid Connected Hybrid Renewable Power Systems},
	journal = {Advances in Electrical and Electronic Engineering}
}


@article{ReznikSimoes2014,
	author={A. {Reznik} and M. G. {Simões} and A. {Al-Durra} and S. M. {Muyeen}},
	journal={IEEE Transactions on Industry Applications},
	title={$LCL$ Filter Design and Performance Analysis for Grid-Interconnected Systems},
	year={2014},
	volume={50},
	number={2},
	pages={1225-1232},
	keywords={capacitors;earthing;power convertors;power grids;power harmonic filters;power system interconnection;PWM invertors;state-space methods;LCL filter design;LCL filter performance analysis;grid interconnected systems;power converter;power transfer maximisation;renewable energy sources;utility grid;harmonics filter;systematic design methodology;state-space mathematical modeling approach;delta connected capacitor;wye connected capacitor;grounding;grid interconnected inverter;harmonics mitigation;renewable energy conversion systems;Power harmonic filters;Inverters;Capacitors;Active filters;Mathematical model;Inductors;Harmonic analysis;Filter;harmonics;inverter;power quality;pulsewidth-modulated (PWM) inverters},
	doi={10.1109/TIA.2013.2274612},
	ISSN={},
	month={March},}

@mastersthesis{DissertacaoJoao,
	author = {João Pedro Carvalho Silveira},
	title = {Avaliação de distorções harmônicas e inter-harmônicas de um sistema de conversão de energia eólica com gerador síncrono},
	school = {Universidade de Brasília},
	year = {2017},
	Address = {Campus Universitário Darcy Ribeiro, Asa Norte, Brasília - DF}
}

@ARTICLE{ArticleRodriguez,
	author={P. {Rodríguez} and A. {Luna} and R. S. {Muñoz-Aguilar} and I. {Etxeberria-Otadui} and R. {Teodorescu} and F. {Blaabjerg}},
	journal={IEEE Transactions on Power Electronics},
	title={A Stationary Reference Frame Grid Synchronization System for Three-Phase Grid-Connected Power Converters Under Adverse Grid Conditions},
	year={2012},
	volume={27},
	number={1},
	pages={99-112},
	keywords={adaptive filters;power convertors;power grids;synchronisation;stationary reference frame grid synchronization system;three-phase grid-connected power converters;grid conditions;grid synchronization algorithms;stable control strategies;three-phase three-wire networks;dual second-order generalized integrator;SOGI;adaptive filters;Synchronization;Frequency locked loops;Frequency synchronization;Phase locked loops;Adaptive filters;Frequency estimation;Voltage control;Adaptive filters (AFs);electric variables measurements;frequency-locked loops (FLLs);monitoring;power converters;renewables;smart grid;synchronization},
	doi={10.1109/TPEL.2011.2159242},
	ISSN={},
	month={Jan},}

@book{book-remusteodorescu201b1,
	Author = {Remus Teodorescu},
	title = {Grid Converters for Photovoltaic and Wind Power Systems},
	description = {Grid Converters for Photovoltaic and Wind Power Systems (Book, 2011)},
	publisher = {Wiley-IEEE Press},
	interhash = {2b5d7f63a41d05c35e5cd4dcfe87cdc7},
	intrahash = {7d42f389c442c4f15423bc4bbe90070c},
	year = {2011},
	month = {feb},
	isbn = {0470057513},
	url = {https://www.xarg.org/ref/a/0470057513/}
}

@book{book-hirofumiakagi2007,
	Author = {Hirofumi Akagi},
	title = {Instantaneous Power Theory and Applications to Power Conditioning},
	description = {Instantaneous Power Theory and Applications to Power Conditioning (Book, 2007)},
	publisher = {Wiley-IEEE Press},
	interhash = {1f83fb5dcdfb516db3ad7f1aa7808efe},
	intrahash = {320d29fc9f0be14c15bab55086aad067},
	year = {2007},
	month = {mar},
	isbn = {0470107618},
	url = {https://www.xarg.org/ref/a/0470107618/}
}

@mastersthesis{DissertacaoLeandro,
	author = {Leandro Pains Moura},
	title = {Avaliação experimental do desempenho de unidades eólicas quanto à geração de distorções harmônicas},
	school = {Universidade Federal de Uberlândia},
	year = {2017},
	Address = {Av. João Naves de Ávila, 2121 - Santa Mônica, Uberlândia - MG}
}

@ARTICLE{ArticleRezek,
	author={A. {Rezek} and C. {Coelho} and J. {Vicente} and J. {Cortez} and P. {Laurentino}},
	journal={International Conference on Power Systems Transients (IPST)},
	title={The Modulus Optimum (MO) Method Applied to Voltage Regulation systems: Modeling, Tuning and Implementation},
	year={2001},
	month={Junho}
} 

@manual{inmetro2003,
	Author = {INMETRO},
	Title = {Vocabulário internacional de termos fundamentais e gerais de
	metrologia},
	Year = {2013},
	Address = {Rio de Janeiro, Brasil},
	Pages = {75},
	isbn = {85-87090-90-9},
}

@inproceedings{soviero1997,
	Author = {P. A. O. Soviero and L. G. M. Lavagna},
	Title = {A Numerical Model for Thin Airfoils in Unsteady Motion},
	Year = {1997},
	Pages = {332-340},
	Volume = {19},
	Number = {3},
	Booktitle = {Journal of the Brazilian Societyt Mechanical Sciences},	
}

@inproceedings{sparrow1980,
	Author = {E. M. Sparrow},
	Title = {Forced Convection Heat Transfer in a Duct Having Spanwise-Periodic
	Rectangular Protuberances},
	Year = {1980},
	Pages = {149-167},
	Volume = {3},
	Booktitle = {Numerical Heat Transfer},
}

@article{clark1986,
	Author = {J. A. Clark},
	Title = {Private Communication},
	Year = {1986},
	Address = {University of Michigan},
}

@article{arruda2007,
	Author = {M. B. B. Arruda},
	Title = {Como fazer referências: bibliográficas, eletrônicas e demais
	formas de documentos},
	Year = {2007},
	Url = {http://bu.ufsc.br/framerefer.html}
}

@article{coimbra1978,
	Author = {A. L. Coimbra},
	Title = {Lessons of Continuum Mechanics},
	Year = {1978},
	Address = {São Paulo, Brazil},
	Pages = {428},
	Editor = {Edgard Blücher},
}

@inproceedings{bordalo1989,
	Author = {S. N. Bordalo and J. H. Ferziger and S. J. Kline},
	Title = {The Development of Zonal Models for Turbulence},
	Year = {1989},
	Pages = {41-44},
	Booktitle = {Proceedings of the 10th Brazilian Congress of Mechanical
	Engineering}, 
	Volume = {1},	
}

@manual{NBR14724:2011,
	Address = {Rio de Janeiro},
	Date-Added = {2012-12-15 20:34:08 +0000},
	Date-Modified = {2012-12-15 20:35:25 +0000},
	Month = mar,
	Org-Short = {ABNT},
	Organization = {Associa{\c c}\~ao Brasileira de Normas T\'ecnicas},
	Pages = 15,
	Subtitle = {Informa{\c c}\~ao e documenta{\c c}\~ao --- trabalhos acad\^emicos --- apresenta{\c c}\~ao},
	Title = {{NBR} 14724},
	Year = 2011
}

@manual{NBR6034:2000,
	Address = {Rio de Janeiro},
	Org-Short = {ABNT},
	Organization = {Associa{\c c}\~ao Brasileira de Normas T\'ecnicas},
	Subtitle = {Informa{\c c}\~ao e documenta{\c c}\~ao --- Referências},
	Title = {{NBR} 14724},
	Year = 2000
}

